@Book{Aho88,
  author =	 {Alfred V. Aho and Brian W. Kernighan and Peter
                  J. Weinberger},
  title =	 {The {A}wk programming language},
  publisher =	 {Addison-Wesley Pub. Co.},
  year =	 1988
}

@Book{Robbins97,
  author =	 {Arnold D. Robbins},
  title = 	 {Effective {AWK} programming},
  publisher = 	 {Free Software Foundation, Boston, MA},
  year = 	 1997,
  edition =	 {1.0.3},
  note =	 {available in the gawk-3.0.3 distribution from www.gnu.org}
}

@Book{SedAwk,
  author =	 {Dale Doughertyby and Arnold Robbins and Gigi Estabrook},
  title = 	 {{S}ed \& {A}wk},
  publisher = 	 {O'Reilly \& Associates},
  year = 	 1997
}

@Book{gnuplot,
  author =	 {GNUPLOT},
  title = 	 {GNUPLOT},
  publisher = 	 {http://www.nas.nasa.gov/\~{}woo/gnuplot/beta/},
  year = 	 1988
}

@techreport{ExpeRef,
   Author = {Pallier, Christophe and Dupoux, Emmanuel and Jeannin, Xavier},
   Title = {Expe 6 Reference Manual},
   Institution = {available at http://www.ehess.fr/centres/lscp/expe/expe.html},
   Year = 1997 
}

@article{Pallier97Expe, 
   Author = {Pallier, C. and Dupoux, E. and Jeannin, X.},
   Title = {EXPE: an expandable programming language for on-line
            psychological experiments},
   Journal = {Behavior Research Methods, Instruments, \& Computers},
   Volume = 29, 
   Number = 3, 
   Pages  = {322-327}, 
   Year = 1997 
}


@book{Luce86,
   Author = {Luce, R. D.},
   Title = {Response times: Their role in inferring elementary mental
   organization},
   Publisher = {Oxford University Press},
   Address = {New York},
   Year = 1986 
}



@Unpublished{GPL,
  author = 	 {GPL},
  title = 	 {GNU GENERAL PUBLIC LICENSE},                  
  note = 	 {Version 2. Published by the Free Software Fondation, \url{http://www.fsf.org}},
  year =	 1991
}

@Unpublished{Loui96,
  author = 	 {Ronald P. Loui},
  title = 	 {Why {GAWK} for {AI}},
  note = 	 {Draft for {ACM SIGPLAN} {P}atterns ({L}anguage {T}rends), included in gawk-3.0.3 distribution},
  year =	 1996
}

